@article{soldan2004computer,
  title={Computer Engineering 2004: Curriculum Guidelines for Undergraduate Degree programs in Computer Engineering},
  author={Soldan, D and Hughes, JLA and Impagliazzo, J and McGettrick, A and Nelson, VP and Srimani, PK and Theys, MD},
  journal={IEEE Computer Society(IEEE-CS), Association for Computing Machinery (ACM)},
  year={2004}
}

@article{mariesim,
  title={MarieSim: The MARIE computer simulator},
  author={Null, Linda and Lobur, Julia},
  journal={Journal on Educational Resources in Computing (JERIC)},
  volume={3},
  number={2},
  pages={1},
  year={2003},
  publisher={ACM}
}


@article {cifredo2015computer,
author = {Cifredo-Chacon, Ma De Los Angeles and Quiros-Olozabal, Angel and Guerrero-Rodriguez, Jose Mar√≠a},
title = {Computer architecture and FPGAs: A learning-by-doing methodology for digital-native students},
journal = {Computer Applications in Engineering Education},
issn = {1099-0542},
url = {http://dx.doi.org/10.1002/cae.21617},
doi = {10.1002/cae.21617},
pages = {n/a--n/a},
keywords = {learning-by-doing, computer organization, integrated-learning, computer organization, FPGA, VHDL},
year = {2015},
}

@article{prensky2001digital,
  title={Digital natives, digital immigrants part 1},
  author={Prensky, Marc},
  journal={On the horizon},
  volume={9},
  number={5},
  pages={1--6},
  year={2001},
  publisher={MCB UP Ltd}
}

@inproceedings{suresh2014fpga,
  title={FPGA Implementation of MIPS RISC Processor},
  author={Suresh, S and Ganesh, R},
  booktitle={International Journal of Engineering Research and Technology},
  volume={3},
  number={1 (January-2014)},
  year={2014},
  organization={ESRSA Publications}
}

@inproceedings{jansen2014every,
  title={Every student makes his own microprocessor},
  author={Jansen, Dirk and Dusch, Benjamin},
  booktitle={Microelectronics Education (EWME), 10th European Workshop on},
  pages={97--101},
  year={2014},
  organization={IEEE}
}

@INPROCEEDINGS{pereira2012basic, 
 author={Pereira, M.C. and Viera, P.V. and Raabe, A.L.A. and Zeferino, C.A.}, 
 booktitle={Programmable Logic (SPL), 2012 VIII Southern Conference on}, 
 title={A basic processor for teaching digital circuits and systems design with FPGA}, 
 year={2012}, 
 month={March}, 
 pages={1-6}, 
 doi={10.1109/SPL.2012.6211804},}

@inproceedings{nakano2008processor,
  title={Processor, assembler, and compiler design education using an FPGA},
  author={Nakano, Koji and Ito, Yasuaki},
  booktitle={Parallel and Distributed Systems, 2008. ICPADS'08. 14th IEEE International Conference on},
  pages={723--728},
  year={2008},
  organization={IEEE}
}

@inproceedings{holland2003harnessing,
  title={Harnessing FPGAs for computer architecture education},
  author={Holland, Mark and Harris, James and Hauck, Scott},
  booktitle={Microelectronic Systems Education, 2003. Proceedings. 2003 IEEE International Conference on},
  pages={12--13},
  year={2003},
  organization={IEEE}
}


@article{el2011teaching,
  title={Teaching computer architecture and organization using simulation and FPGAs},
  author={El-Din, AY and Krad, Hasan},
  journal={International Journal of Information and Education Technology},
  volume={1},
  number={3},
  pages={190--194},
  year={2011}
}

@book{hennessy2013computer,
  title={Computer organization and design: the hardware/software interface},
  author={Patterson, David A and Hennessy, John L},
  year={2013},
  publisher={Newnes}
}

@online{simpl,
 title = {SIM-PL},
 month = jun,
 year = {2015},
 url = {http://csa.science.uva.nl/sim-pl}
}


@ONLINE{spim,
 author = {Larus, James},
 title = {SPIM MIPS Simulator},
 month = jun,
 year = {2015},
 url = {http://spimsimulator.sourceforge.net/}
}


@ONLINE{xilinxFPGA,
 author = {Xilinx Inc.},
 title = {What is an FPGA?},
 month = jun,
 year = {2015},
 url = {http://www.xilinx.com/fpga/}
}

@online{fpgaclbimg,
 author  = "Kallstrom, Petter",
 title   = "FPGA cell example",
 year    = {2015},
 month   = jun,
 url     = "https://commons.wikimedia.org/wiki/File:FPGA_cell_example.png",
}

@article{al2007teaching,
  title={Teaching computer organization and architecture using simulation and FPGA applications},
  author={Al-Aubidy, Kasim M},
  journal={J. Comput. Sci},
  volume={3},
  number={8},
  pages={624--632},
  year={2007}
}

@inproceedings{murphy2003valid,
  title={VALID: Custom ASIC verification and FPGA education platform},
  author={Murphy, Patrick and Frantz, J Patrick and Welsh, Erik and Hardy, Ricky and Mohsenin, Tinoosh and Cavallaro, Joseph},
  booktitle={null},
  pages={64},
  year={2003},
  organization={IEEE}
}

@inproceedings{li1996using,
  title={Using FPGA for computer architecture/organization education},
  author={Li, Yamin and Chu, Wanming},
  booktitle={Proceedings of the 1996 workshop on Computer architecture education},
  pages={5},
  year={1996},
  organization={ACM}
}

@inproceedings{ochi1997asaver,
  title={ASAver. 1: An FPGA-based education board for computer architecture/system design},
  author={Ochi, Hiroyuki},
  booktitle={Design Automation Conference, 1997. Proceedings of the ASP-DAC'97 Asia and South Pacific},
  pages={157--165},
  year={1997},
  organization={IEEE}
}

@article{calazans2001integrating,
  title={Integrating the teaching of computer organization and architecture with digital hardware design early in undergraduate courses},
  author={Calazans, Ney Laert Vilar and Moraes, Fernando Gehm},
  journal={Education, IEEE Transactions on},
  volume={44},
  number={2},
  pages={109--119},
  year={2001},
  publisher={IEEE}
}

@inproceedings{xing2008fpga,
  title={An FPGA-based experiment platform for multi-core system},
  author={Xing, Jianguo and Zhao, Wenmin and Hu, Hua},
  booktitle={Young Computer Scientists, 2008. ICYCS 2008. The 9th International Conference for},
  pages={2567--2571},
  year={2008},
  organization={IEEE}
}

@article{wang2011bridging,
  title={Bridging the gap between textbook and real applications: A teaching methodology in digital electronics education},
  author={Wang, Guoping},
  journal={Computer Applications in Engineering Education},
  volume={19},
  number={2},
  pages={268--279},
  year={2011},
  publisher={Wiley Online Library}
}

@inproceedings{nakano2008processor,
  title={Processor, assembler, and compiler design education using an FPGA},
  author={Nakano, Koji and Ito, Yasuaki},
  booktitle={Parallel and Distributed Systems, 2008. ICPADS'08. 14th IEEE International Conference on},
  pages={723--728},
  year={2008},
  organization={IEEE}
}

@inproceedings{paharsingh2009novel,
  title={A novel approach to teaching microprocessor design using FPGA and hierarchical structure},
  author={Paharsingh, Ricardo and Skobla, Joseph},
  booktitle={Microelectronic Systems Education, 2009. MSE'09. IEEE International Conference on},
  pages={111--114},
  year={2009},
  organization={IEEE}
}

@article{kellett2012project,
  title={A Project-Based Learning Approach to Programmable Logic Design and Computer Architecture.},
  author={Kellett, Christopher M},
  journal={IEEE transactions on education},
  volume={55},
  number={3},
  pages={378--383},
  year={2012},
  publisher={ERIC}
}

@inproceedings{oztekin2011bzk,
  title={BZK. SAU. FPGA10. 0: Microprocessor architecture design on reconfigurable hardware as an educational tool},
  author={Oztekin, Halit and Temurtas, Feyzullah and Gulbag, Ali},
  booktitle={Computers \& Informatics (ISCI), 2011 IEEE Symposium on},
  pages={385--389},
  year={2011},
  organization={IEEE}
}

@article{oztekin2014bzk,
  title={BZK. SAU. FPGA10. 1: A modular approach to FPGA-based micro computer architecture design for educational purpose},
  author={Oztekin, Halit and Temurtas, Feyzullah and Gulbag, Ali},
  journal={Computer Applications in Engineering Education},
  volume={22},
  number={2},
  pages={272--282},
  year={2014},
  publisher={Wiley Online Library}
}

@article{lee2012pipelined,
  title={Pipelined cpu design with fpga in teaching computer architecture},
  author={Lee, Jong Hyuk and Lee, Seung Eun and Yu, Heon Chang and Suh, Taeweon},
  journal={Education, IEEE Transactions on},
  volume={55},
  number={3},
  pages={341--348},
  year={2012},
  publisher={IEEE}
}

@article{bulic2013fpga,
  title={An FPGA-based integrated environment for computer architecture},
  author={Buli{\'c}, Patricio and Gu{\v{s}}tin, Veselko and {\v{S}}onc, Damjan and {\v{S}}trancar, Andrej},
  journal={Computer Applications in Engineering Education},
  volume={21},
  number={1},
  pages={26--35},
  year={2013},
  publisher={Wiley Online Library}
}


@book{arora2011art,
  Author = {Mohit Arora},
  Title = {The Art of Hardware Architecture: Design Methods and Techniques for Digital Circuits},
  Publisher = {Springer},
  Year = {2011},
  ISBN = {1461403960}
}
